<?xml version="1.0" encoding="UTF-8"?><collection xmlns="http://www.loc.gov/MARC21/slim"><record><leader>00612nam--2200193-u-4500</leader><controlfield tag="001">000053119</controlfield><controlfield tag="002">20161230</controlfield><controlfield tag="005">20161230201050</controlfield><controlfield tag="008">110106s1000------------r-----000-0-rum-d</controlfield><datafield ind1=" " ind2=" " tag="040"><subfield code="a">IFIN-HH</subfield></datafield><datafield ind1=" " ind2=" " tag="041"><subfield code="a">rum</subfield></datafield><datafield ind1=" " ind2=" " tag="080"><subfield code="a">539.1.07:539.1.08</subfield></datafield><datafield ind1="1" ind2=" " tag="100"><subfield code="a">Simion, Corina Anca</subfield></datafield><datafield ind1="1" ind2="0" tag="245"><subfield code="a">Noi metode de studiu al radicalilor liberi produsi in probe de amino acizi prin iradiere cu radiatii alfa</subfield><subfield code="b">Teza</subfield><subfield code="c">Corina anca simion</subfield></datafield><datafield ind1=" " ind2=" " tag="260"><subfield code="a">Bucuresti</subfield><subfield code="b">Ifa</subfield><subfield code="c">2006</subfield></datafield><datafield ind1=" " ind2=" " tag="300"><subfield code="a">102P</subfield></datafield><datafield ind1=" " ind2=" " tag="502"><subfield code="a">Conducator Stiintific: Dr. Enric-leon Georgescu</subfield></datafield><datafield ind1=" " ind2=" " tag="852"><subfield code="a">81803</subfield><subfield code="c">539.1.07:539.1.08</subfield></datafield><datafield ind1=" " ind2=" " tag="CAT"><subfield code="a">Sys</subfield><subfield code="c">20111101</subfield><subfield code="h">143518</subfield></datafield></record></collection>